3158 4980
724 255 944 320 „30-

385 450 416 516 2.
450 447 688 515 Accaritanum
712 447 876 531 oppidum.

314 557 444 640 ‘oppida
458 556 572 637 libera,
589 576 629 622 ex
645 555 761 638 quibus
777 592 821 601 —
836 553 1084 622 Aooaritanum‘
1101 553 1201 643 (Plin.
1217 580 1249 627 n.
1266 557 1299 623 h.
1318 558 1365 640 V,
1385 560 1460 647 30).

384 700 414 764 3.
452 695 637 783 Acholla1).

315 814 456 880 Acholla
477 813 553 880 inde
581 813 623 879 ab
647 831 732 878 anno
757 810 903 878 6081146
932 813 1037 879 libera
1064 815 1181 883 civitas
1204 818 1266 885 fuit
1291 818 1459 904 (Aquilli-

222 928 389 989 tanorum:
415 920 500 987 CIL.
524 921 556 1002 1,
581 919 660 1000 200,
684 921 705 985 1.
731 916 860 1004 79180);
896 938 973 984 nam
996 939 1081 987 anno
1106 921 1266 1007 6431111,
1303 947 1374 1009 quo
1401 930 1460 996 lex

223 1030 356 1114 agraria
390 1029 470 1094 data
504 1031 569 1107 est,
604 1045 797 1107 proxumum
834 1027 953 1092 beilum
986 1026 1148 1094 Punicum
1184 1029 1283 1117 (orn.
1309 1034 1344 1116 Ι,
1374 1035 1459 1118 200,

222 1140 244 1203 1.
270 1136 325 1219 75)
349 1135 382 1202 id
406 1139 488 1215 erat,
513 1152 576 1215 quo
601 1131 770 1215 Carthago
794 1132 902 1199 deleta
925 1137 984 1199 est.
1031 1135 1186 1202 Liberam
1210 1142 1243 1204 et
1265 1139 1459 1210 immunem

222 1242 397 1310 Achollam
419 1245 519 1308 vocat
546 1244 662 1306 auctor
694 1239 770 1304 belli
793 1238 944 1305 Africani
978 1239 1046 1325 (33,
1072 1241 1121 1328 1),
1155 1245 1290 1312 liberam
1315 1247 1457 1318 Plinius

225 1353 268 1436 (n.
292 1353 323 1416 h.
348 1351 390 1431 V,
413 1347 471 1433 30)
497 1351 530 1413 et
553 1346 673 1412 Strabo
698 1345 820 1429 (XVII,
845 1346 875 1428 3,
899 1367 930 1428 p.
956 1347 1044 1431 831).

381 1493 412 1558 4.
447 1477 609 1557 Aulodes

311 1607 439 1674 Civitas
461 1606 565 1672 libera
580 1605 642 1672 fuit
657 1604 803 1671 Aulodes
828 1609 906 1671 ante
922 1603 1060 1689 Septimi
1076 1607 1189 1675 Severi
1204 1610 1454 1699 principatum3

221 1736 298 1783 nam
331 1719 470 1781 vocatur
494 1712 595 1798 (CIL.
619 1712 704 1777 VH]
740 1711 773 1779 S.
812 1711 948 1797 14355):
992 1713 1212 1797 ‘municipium
1247 1716 1455 1800 Septimium

218 1823 356 1889 liberum
378 1821 535 1887 Aulodes'
560 1817 615 1905 (cf.
639 1838 715 1903 pag.
741 1819 782 1883 12
805 1818 901 1904 sqq).

380 1964 412 2030 5.
446 1963 549 2030 Aves.

308 2082 400 2147 Aves
423 2080 560 2146 liberum
581 2083 721 2144 vocatur
744 2097 765 2144 a
785 2077 894 2143 Plinio
918 2077 962 2159 (n.
986 2081 1018 2145 h.
1043 2081 1084 2162 V,
1108 2080 1177 2166 25).

379 2224 410 2290 6.
445 2222 575 2288 Avitta.

309 2338 440 2422 ‘oppida
454 2340 568 2418 libera,
593 2358 632 2404 ex
656 2337 831 2419 quibus-
846 2336 1066 2424 Antiense’p
1091 2340 1188 2424 (Plin.
1206 2361 1238 2408 n.
1255 2343 1287 2408 h.
1304 2344 1348 2425 V,
1374 2346 1452 2432 30).

219 2446 380 2513 Fortasse
407 2445 618 2526 municipium
641 2445 764 2510 factum
793 2448 845 2510 est
867 2444 988 2511 Avitta
1009 2447 1173 2518 Hadriani
1201 2452 1313 2515 aetate
1338 2450 1462 2537 (011...

219 2553 314 2635 Vm,
337 2574 368 2635 p.
395 2551 484 2635 100).

380 2697 410 2762 7.
445 2696 543 2762 Bulla
565 2695 672 2778 Regia

312 2813 460 2879 ‘liberum
484 2812 648 2894 oppidum’
673 2810 770 2895 (Plin.
794 2831 826 2876 n.
850 2813 882 2877 h.
905 2812 947 2894 V,
972 2811 1037 2898 22).

381 2956 410 3021 8.
448 2954 690 3036 Oanopitanum
714 2953 877 3035 oppidum.

310 3072 441 3153 ‘oppida
456 3071 569 3152 libera,
591 3091 631 3136 ex
647 3071 763 3152 quibus
775 3108 819 3116 -
832 3069 1085 3152 Oanopitanum'
1103 3073 1200 3157 (Plin.
1216 3093 1248 3141 n.
1264 3075 1296 3142 h.
1313 3076 1356 3158 V,
1374 3076 1447 3166 30).

382 3215 413 3280 9.
450 3213 590 3280 Cercina

311 3322 400 3387 ‘urbe
422 3321 535 3387 libera'
561 3320 657 3405 (Plin.
681 3340 712 3388 n.
737 3323 769 3388 h.
793 3322 834 3403 V,
858 3321 927 3408 41).

382 3427 535 3513 [01111661.

305 3537 344 3600 16
367 3535 579 3617 inscriptione
603 3536 750 3602 coloniae
772 3535 910 3602 Flaviae
934 3534 1021 3602 Oillii
1044 3535 1146 3622 (CIL.
1169 3538 1264 3619 Vm,
1288 3537 1368 3622 2103
1396 3542 1439 3609 of.

219 3641 382 3728 811299)
406 3662 536 3708 erasum
560 3649 611 3710 est
634 3648 668 3709 et
690 3662 808 3708 nomen
832 3643 967 3710 alterius
982 3644 1129 3727 Augusti
1154 3649 1188 3710 et
1204 3647 1342 3712 verbum
1365 3654 1447 3730 post

218 3768 346 3816 vocem:
383 3750 597 3815 ‘ornamenta'
630 3750 788 3832 positum,
823 3751 958 3817 alterius
981 3750 1127 3834 Augusti
1150 3752 1290 3818 ‘Licinii’
1322 3772 1444 3823 nomen

292 3856 298 3870 .
318 3848 325 3859 r

220 3861 423 3938 resumtum,
458 3861 547 3939 post:
588 3859 802 3924 ‘ornamenta’
839 3859 976 3925 ‘liberta'
1012 3860 1171 3926 insertum
1207 3864 1267 3926 est.
1328 3859 1445 3944 Atque
1578 3903 1579 3928 1

219 3965 401 4030 Mommsen
425 3963 482 4050 (ad
499 3963 584 4030 CIL.
600 3965 621 4031 l.
638 3964 674 4050 1.)
699 3966 818 4031 conicit
838 3985 955 4032 nomen
978 3966 1086 4032 Licini
1110 3985 1196 4032 anno
1220 3967 1286 4030 314
1309 3987 1443 4037 erasum

218 4077 353 4154 propter
364 4072 484 4138 bellum
495 4071 581 4137 inter
593 4071 846 4139 Constantinum
859 4077 892 4139 et
903 4073 1066 4140 Licinium
1079 4079 1238 4157 exortum,
1251 4074 1443 4143 restitutum

221 4199 293 4245 osse
316 4184 392 4262 post
415 4198 529 4260 pacem
552 4179 638 4245 inter
661 4199 717 4246 666
740 4181 1009 4262 redintegratam.

293 4338 314 4401 1)
333 4337 367 4392 de
385 4336 470 4392 variis
488 4337 609 4393 nominis
628 4337 725 4395 formis
744 4337 778 4395 cf.
799 4336 865 4395 011..
885 4336 960 4406 VIII,
978 4353 1005 4408 p.
1027 4340 1068 4395 11.

293 4427 313 4496 ²)
333 4442 359 4498 p.
380 4428 422 4482 79.
